@inproceedings{Pey17,
  author    = {Simon {Peyton Jones}},
  title     = {How to Write a Great Research Paper},
  booktitle = {2017 Imperial College Computing Student Workshop, {ICCSW} 2017, September
               26-27, 2017, London, {UK}},
  pages     = {1:1--1:1},
  year      = {2017},    
  
}

@misc{UNSWWebsite,
  title = {How Do I Cite Online Sources?},
  howpublished = {\url{https://student.unsw.edu.au/how-do-i-cite-electronic-sources}},  
  note = {Last accessed: 2019-02-27},
  year={2019},
  author = {UNSW},  
}

@book{Wil09,
  title={Style: the basics of clarity and grace},
  author={Williams, Joseph M and Bizup, Joseph},
  year={2009},
  publisher={Pearson Longman}
}

@book{Pin15,
  title={The sense of style: The thinking person's guide to writing in the 21st century},
  author={Pinker, Steven},
  year={2015},
  publisher={Penguin Books}
}

@book{StrWhi07,
  title={The Elements of style},
  author={Strunk, William and Whyte, EB},
  year={2007},
  publisher={Penguin}
}

@book{Von80,
  title={How to write with style},
  author={Vonnegut, Kurt},
  year={1980},
  publisher={International Paper Company}
}

@incollection{Orw68,
  title={Politics and the {English} language},
  author={Orwell, George},
  booktitle={The collected essays, journalism and letters of George Orwell},
  pages={127--140},
  year={1968},
  publisher={Harcourt, Brace, Javanovich}
}

@article{glaucoma1,
  title={Glaucoma and its treatment: a review},
  author={Lee, David A and Higginbotham, Eve J},
  journal={American journal of health-system pharmacy},
  volume={62},
  number={7},
  pages={691--699},
  year={2005},
  publisher={Oxford University Press}
}

@article{glaucoma2,
  title={European glaucoma society terminology and guidelines for glaucoma},
  author={Spaeth, George L},
  journal={British journal of ophthalmology},
  volume={105},
  number={Suppl 1},
  pages={1--169},
  year={2021},
  publisher={BMJ}
}

@article{glaucoma2a,
  title={The diagnosis and treatment of glaucoma},
  author={Schuster, Alexander K and Erb, Carl and Hoffmann, Esther M and Dietlein, Thomas and Pfeiffer, Norbert},
  journal={Deutsches {\"A}rzteblatt International},
  volume={117},
  number={13},
  pages={225},
  year={2020}
}

@article{glaucoma3,
  title={How does glaucoma look?: patient perception of visual field loss},
  author={Crabb, David P and Smith, Nicholas D and Glen, Fiona C and Burton, Robyn and Garway-Heath, David F},
  journal={Ophthalmology},
  volume={120},
  number={6},
  pages={1120--1126},
  year={2013},
  publisher={Elsevier}
}

@misc{glaucoma4,
    title={Visual Field Damage in Glaucoma},
    author={Eytan Blumenthal},
    url={www.glaucoma.org.il/glaucoma/diagnosis/vf-damage}
}

@article{hemanopia1,
  title={Homonymous hemianopia: challenges and solutions},
  author={Goodwin, Denise},
  journal={Clinical Ophthalmology},
  pages={1919--1927},
  year={2014},
  publisher={Taylor \& Francis}
}

@article{hemanopia2,
  title={Homonymous hemianopia in stroke},
  author={Zhang, Xiaojun and Kedar, Sachin and Lynn, Michael J and Newman, Nancy J and Biousse, Val{\'e}rie},
  journal={Journal of Neuro-ophthalmology},
  volume={26},
  number={3},
  pages={180--183},
  year={2006},
  publisher={LWW}
}

@article{hemanopia3,
  title={Visual impairment following stroke: do stroke patients require vision assessment?},
  author={Rowe, Fiona and Brand, Darren and Jackson, Carole A and Price, Alison and Walker, Linda and Harrison, Shirley and Eccleston, Carla and Scott, Claire and Akerman, Nicola and Dodridge, Caroline and others},
  journal={Age and ageing},
  volume={38},
  number={2},
  pages={188--193},
  year={2009},
  publisher={Oxford University Press}
}

@article{hemanopia4,
  title={Neurovisual rehabilitation: recent developments and future directions},
  author={Kerkhoff, Georg},
  journal={Journal of Neurology, Neurosurgery \& Psychiatry},
  volume={68},
  number={6},
  pages={691--706},
  year={2000},
  publisher={BMJ Publishing Group Ltd}
}

@article{hemanopia5,
  title={Unidirectional dyslexia in a polyglot},
  author={Leker, RR and Biran, I},
  journal={Journal of Neurology, Neurosurgery \& Psychiatry},
  volume={66},
  number={4},
  pages={517--519},
  year={1999},
  publisher={BMJ Publishing Group Ltd}
}

@article{vft1,
  title={A history of perimetry and visual field testing},
  author={Johnson, Chris A and Wall, Michael and Thompson, H Stanley},
  journal={Optometry and Vision Science},
  volume={88},
  number={1},
  pages={E8--E15},
  year={2011},
  publisher={LWW}
}

@misc{vft2,
    title ={Introduction to Perimetry},
    author = {Kevin},
    year = {2019},
    URL = {www.ophthalmologyreview.org/visual-fields-examination-and-interpretation/introduction-to-perimetry}
}

@article{vft3,
  title={Kinetic perimetry assessment of binocular visual field shape and size in young infants},
  author={Schwartz, Terry L and Dobson, Velma and Sandstrom, Dorothy J and van Hof-van Duin, Jackie},
  journal={Vision Research},
  volume={27},
  number={12},
  pages={2163--2175},
  year={1987},
  publisher={Elsevier}
}

@article{vft4,
  title={Test-retest variability in glaucomatous visual fields},
  author={Heijl, Anders and Lindgren, Anna and Lindgren, Georg},
  journal={American journal of ophthalmology},
  volume={108},
  number={2},
  pages={130--135},
  year={1989},
  publisher={Elsevier}
}


@article{vft5,
  title={A visual field index for calculation of glaucoma rate of progression},
  author={Bengtsson, Boel and Heijl, Anders},
  journal={American journal of ophthalmology},
  volume={145},
  number={2},
  pages={343--353},
  year={2008},
  publisher={Elsevier}
}

@article{vftb,
  title={Humphrey visual field},
  author={Ruia, Surabhi and Tripathy, Koushik},
  journal={StatPearls},
  year={2025}
}

@misc{vftc,
    title = {Performing visual fields for glaucoma on the new VR headset},
    author = {Joseph San Laureano},
    url = {melbourneeyecentre.com.au/uncategorized/joseph-san-laureano-on-performing-visual-fields-for-glaucoma-on-the-new-vr-headset/}
}

@misc{vfta,
    title = {IPS Standards and Guidelines 2010},
    author = {Jay M. Enoch},
    url = {webeye.ophth.uiowa.edu/ips/GEN-INFO/standards/standards2010/IPS-Standards2010.pdf},
    year = {2010}
}

@article{vft7,
  title={Blind spots},
  author={Ramachandran, Vilayanur S},
  journal={Scientific American},
  volume={266},
  number={5},
  pages={86--91},
  year={1992},
  publisher={JSTOR}
}

@article{vft8,
  title={An automatic static perimeter, design and pilot study},
  author={Heijl, A and Krakau, CET},
  journal={Acta ophthalmologica},
  volume={53},
  number={3},
  pages={293--310},
  year={1975},
  publisher={Wiley Online Library}
}

@article{vft9,
  title={Eye-tracking-based visual field analysis (EFA): a reliable and precise perimetric methodology for the assessment of visual field defects},
  author={Leitner, Michael Christian and Hutzler, Florian and Schuster, Sarah and Vignali, Lorenzo and Marvan, Patrick and Reitsamer, Herbert A and Hawelka, Stefan},
  journal={BMJ Open Ophthalmology},
  volume={6},
  number={1},
  year={2021},
  publisher={BMJ Publishing Group Ltd}
}

@article{vr1,
  title={Enhancing our lives with immersive virtual reality},
  author={Slater, Mel and Sanchez-Vives, Maria V},
  journal={Frontiers in Robotics and AI},
  volume={3},
  pages={74},
  year={2016},
  publisher={Frontiers Media SA}
}

@article{vr2,
  title={Immersion of virtual reality for rehabilitation-Review},
  author={Rose, Tyler and Nam, Chang S and Chen, Karen B},
  journal={Applied ergonomics},
  volume={69},
  pages={153--161},
  year={2018},
  publisher={Elsevier}
}

@article{vrb,
  title={A discussion of cybersickness in virtual environments},
  author={LaViola Jr, Joseph J},
  journal={ACM Sigchi Bulletin},
  volume={32},
  number={1},
  pages={47--56},
  year={2000},
  publisher={ACM New York, NY, USA}
}

@article{vr3,
  title={Virtual reality in the assessment, understanding, and treatment of mental health disorders},
  author={Freeman, Daniel and Reeve, Sarah and Robinson, Abi and Ehlers, Anke and Clark, David and Spanlang, Bernhard and Slater, Mel},
  journal={Psychological medicine},
  volume={47},
  number={14},
  pages={2393--2400},
  year={2017},
  publisher={Cambridge University Press}
}

@article{vra,
  title={Simulator sickness questionnaire: An enhanced method for quantifying simulator sickness},
  author={Kennedy, Robert S and Lane, Norman E and Berbaum, Kevin S and Lilienthal, Michael G},
  journal={The international journal of aviation psychology},
  volume={3},
  number={3},
  pages={203--220},
  year={1993},
  publisher={Taylor \& Francis}
}

@article{vr4,
  title={Virtual reality-enhanced stroke rehabilitation},
  author={Jack, David and Boian, Rares and Merians, Alma S and Tremaine, Marilyn and Burdea, Grigore C and Adamovich, Sergei V and Recce, Michael and Poizner, Howard},
  journal={IEEE transactions on neural systems and rehabilitation engineering},
  volume={9},
  number={3},
  pages={308--318},
  year={2001},
  publisher={IEEE}
}

@article{vr5,
  title={Factors influencing the efficacy of virtual reality distraction analgesia during postburn physical therapy: preliminary results from 3 ongoing studies},
  author={Sharar, Sam R and Carrougher, Gretchen J and Nakamura, Dana and Hoffman, Hunter G and Blough, David K and Patterson, David R},
  journal={Archives of physical medicine and rehabilitation},
  volume={88},
  number={12},
  pages={S43--S49},
  year={2007},
  publisher={Elsevier}
}

@article{vr6,
  title={Virtual reality training for health-care professionals},
  author={Mantovani, Fabrizia and Castelnuovo, Gianluca and Gaggioli, Andrea and Riva, Giuseppe},
  journal={CyberPsychology \& Behavior},
  volume={6},
  number={4},
  pages={389--395},
  year={2003},
  publisher={Mary Ann Liebert, Inc.}
}

@article{pastwork3,
  title={Visual field examination method using virtual reality glasses compared with the Humphrey perimeter},
  author={Tsapakis, Stylianos and Papaconstantinou, Dimitrios and Diagourtas, Andreas and Droutsas, Konstantinos and Andreanos, Konstantinos and Moschos, Marilita M and Brouzas, Dimitrios},
  journal={Clinical ophthalmology},
  pages={1431--1443},
  year={2017},
  publisher={Taylor \& Francis}
}

@book{eval1,
  title={The VR book: Human-centered design for virtual reality},
  author={Jerald, Jason},
  year={2015},
  publisher={Morgan \& Claypool}
}

@book{eval2,
  title={Sensation and perception},
  author={Goldstein, E Bruce and Brockmole, James R},
  volume={90},
  year={2002},
  publisher={Wadsworth-Thomson Learning Pacific Grove, CA, USA.}
}

@article{eval3,
  title={The VideoToolbox software for visual psychophysics: transforming numbers into movies.},
  author={Pelli, Denis G},
  journal={Spatial vision},
  volume={10},
  number={4},
  pages={437--442},
  year={1997}
}

@article{eval4,
  title={Review on cybersickness in applications and visual displays},
  author={Rebenitsch, Lisa and Owen, Charles},
  journal={Virtual reality},
  volume={20},
  pages={101--125},
  year={2016},
  publisher={Springer}
}

@article{eval5,
  title={Technological competence is a pre-condition for effective implementation of virtual reality head mounted displays in human neuroscience: a technological review and meta-analysis},
  author={Kourtesis, Panagiotis and Collina, Simona and Doumas, Leonidas AA and MacPherson, Sarah E},
  journal={Frontiers in Human Neuroscience},
  volume={13},
  pages={342},
  year={2019},
  publisher={Frontiers Media SA}
}

@article{eval6,
  title={Simulator sickness questionnaire: An enhanced method for quantifying simulator sickness},
  author={Kennedy, Robert S and Lane, Norman E and Berbaum, Kevin S and Lilienthal, Michael G},
  journal={The international journal of aviation psychology},
  volume={3},
  number={3},
  pages={203--220},
  year={1993},
  publisher={Taylor \& Francis}
}

@incollection{eval7,
  title={Development of NASA-TLX (Task Load Index): Results of empirical and theoretical research},
  author={Hart, Sandra G and Staveland, Lowell E},
  booktitle={Advances in psychology},
  volume={52},
  pages={139--183},
  year={1988},
  publisher={Elsevier}
}


@article{mot1,
  title={Awareness of incident open-angle glaucoma in a population study: the Barbados Eye Studies},
  author={Hennis, Anselm and Wu, Suh-Yuh and Nemesure, Barbara and Honkanen, Robert and Leske, M Cristina and Barbados Eye Studies Group and others},
  journal={Ophthalmology},
  volume={114},
  number={10},
  pages={1816--1821},
  year={2007},
  publisher={Elsevier}
}
}

@article{mot3,
  title={Properties of staircase procedures for estimating thresholds in automated perimetry.},
  author={Johnson, Chris A and Chauhan, BC and Shapiro, LR},
  journal={Investigative ophthalmology \& visual science},
  volume={33},
  number={10},
  pages={2966--2974},
  year={1992},
  publisher={The Association for Research in Vision and Ophthalmology}
}

@article{mot4,
  title={Properties of perimetric threshold estimates from full threshold, ZEST, and SITA-like strategies, as determined by computer simulation},
  author={Turpin, Andrew and McKendrick, Allison M and Johnson, Chris A and Vingrys, Algis J},
  journal={Investigative ophthalmology \& visual science},
  volume={44},
  number={11},
  pages={4787--4795},
  year={2003},
  publisher={The Association for Research in Vision and Ophthalmology}
}

@article{mot2,
  title={The pathophysiology and treatment of glaucoma: a review},
  author={Weinreb, Robert N and Aung, Tin and Medeiros, Felipe A},
  journal={Jama},
  volume={311},
  number={18},
  pages={1901--1911},
  year={2014},
  publisher={American Medical Association}
}

@article{conclua,
  title={Advantages of terminating Zippy Estimation by Sequential Testing (ZEST) with dynamic criteria for white-on-white perimetry},
  author={McKendrick, Allison M and Turpin, Andrew},
  journal={Optometry and vision science},
  volume={82},
  number={11},
  pages={981--987},
  year={2005},
  publisher={LWW}
}

@inproceedings{pwork1,
  title={A Novel Virtual Reality Design of Portable Automatic Perimetry},
  author={He, Jia and Zhang, Sheng and Wu, Peixuan and Zhang, Yun and Zheng, Xiujuan and Zhou, Lingxiao},
  booktitle={2019 IEEE MTT-S International Microwave Biomedical Conference (IMBioC)},
  volume={1},
  pages={1--3},
  year={2019},
  organization={IEEE}
}

@article{pwork2,
  title={Virtual reality--based and conventional visual field examination comparison in healthy and glaucoma patients},
  author={Stapelfeldt, Jan and Kucur, {\c{S}}erife Seda and Huber, Nina and H{\"o}hn, Ren{\'e} and Sznitman, Raphael},
  journal={Translational vision science \& technology},
  volume={10},
  number={12},
  pages={10--10},
  year={2021},
  publisher={The Association for Research in Vision and Ophthalmology}
}

@article{pwork3,
  title={Virtual reality headsets for perimetry testing: a systematic review},
  author={Selvan, Kavin and Mina, Mina and Abdelmeguid, Hana and Gulsha, Muhammad and Vincent, Ajoy and Sarhan, Abdullah},
  journal={Eye},
  volume={38},
  number={6},
  pages={1041--1064},
  year={2024},
  publisher={Nature Publishing Group UK London}
}